<record><leader>00000cas a22000007a 4500</leader><controlfield tag="001">12948452</controlfield><controlfield tag="008">851221d19421960iaudr ne      0    0eng d</controlfield><controlfield tag="009">5087</controlfield><datafield ind1=" " ind2=" " tag="010"><subfield code="a">sn 85049905 </subfield></datafield><datafield ind1=" " ind2=" " tag="040"><subfield code="a">INP</subfield><subfield code="b">eng</subfield><subfield code="c">INP</subfield><subfield code="d">DLC</subfield><subfield code="d">INP</subfield><subfield code="d">OCL</subfield><subfield code="d">DLC</subfield></datafield><datafield ind1="1" ind2=" " tag="029"><subfield code="a">AU@</subfield><subfield code="b">000025786577</subfield></datafield><datafield ind1=" " ind2=" " tag="042"><subfield code="a">msc</subfield></datafield><datafield ind1="0" ind2="0" tag="245"><subfield code="a">Burlington hawk-eye gazette.</subfield></datafield><datafield ind1="0" ind2="0" tag="246"><subfield code="a">Burlington hawk eye gazette</subfield></datafield><datafield ind1="0" ind2="0" tag="246"><subfield code="a">Hawk-eye gazette</subfield></datafield><datafield ind1="0" ind2="0" tag="246"><subfield code="a">Hawk eye gazette</subfield></datafield><datafield ind1=" " ind2=" " tag="260"><subfield code="a">Burlington, Iowa :</subfield><subfield code="b">Burlington Hawk-eye Co. :</subfield><subfield code="b">C.W. Moody,</subfield><subfield code="c">1942-1960.</subfield></datafield><datafield ind1=" " ind2=" " tag="300"><subfield code="a">v. :</subfield><subfield code="b">ill. ;</subfield><subfield code="c">54 cm.</subfield></datafield><datafield ind1=" " ind2=" " tag="310"><subfield code="a">Daily,</subfield><subfield code="b">Sept. 7, 1958-May 8, 1960</subfield></datafield><datafield ind1=" " ind2=" " tag="321"><subfield code="a">Daily (except Sunday)</subfield><subfield code="b">June 29, 1942-Sept. 6, 1958</subfield></datafield><datafield ind1="0" ind2=" " tag="362"><subfield code="a">Vol. 10, no. 6 (July 29, 1942)-v. 15, no. 16 (July 9, 1947) ; v. 111, no. 1 (July 10, 1947)-v. 123, no. 256 (May 8, 1960).</subfield></datafield><datafield ind1=" " ind2=" " tag="500"><subfield code="a">Originally edited by: Clarence W. Moody.</subfield></datafield><datafield ind1=" " ind2=" " tag="752"><subfield code="a">United States</subfield><subfield code="b">Iowa</subfield><subfield code="c">Des Moines</subfield><subfield code="d">Burlington.</subfield></datafield><datafield ind1="0" ind2="0" tag="780"><subfield code="t">Daily hawk-eye gazette</subfield><subfield code="w">(DLC)sn 85049904</subfield></datafield><datafield ind1="0" ind2="0" tag="785"><subfield code="t">Burlington hawk-eye (Burlington, Iowa : 1960)</subfield><subfield code="w">(DLC)sn 85049906</subfield><subfield code="w">(OCoLC)12948156</subfield></datafield></record>